% --- Quellen erstmalig verwendet in Kapitel 1 --------------------------------

% (keine)

% --- Quellen erstmalig verwendet in Kapitel 2 --------------------------------

@Book{Wal10,
	author = {{Wallentowitz, Freialdenhoven, Olschewski}},
	title = {Strategien zur Elektrifizierung des Antriebsstranges},
	publisher = {Vieweg+Teubner Verlag},
	year = {2010},
	edition = {1st}
}

